@inproceedings{Pastor:2009:LGM:1703435.1703645,
 author = {Pastor, Peter and Hoffmann, Heiko and Asfour, Tamim and Schaal, Stefan},
 title = {Learning and Generalization of Motor Skills by Learning from Demonstration},
 booktitle = {Proceedings of the 2009 IEEE International Conference on Robotics and Automation},
 series = {ICRA'09},
 year = {2009},
 isbn = {978-1-4244-2788-8},
 location = {Kobe, Japan},
 pages = {1293--1298},
 numpages = {6},
 url = {http://dl.acm.org/citation.cfm?id=1703435.1703645},
 acmid = {1703645},
 publisher = {IEEE Press},
 address = {Piscataway, NJ, USA},
}

@inproceedings{Schaal_TISAMAM_2003,
  author =		 "Schaal, S.",
  year =		 "2003",
  title =		 "Dynamic movement primitives - A framework for motor control in humans and humanoid robots",
  booktitle =		 "The International Symposium on Adaptive Motion of Animals and Machines",
  key =			 "movement primitives, behaviors, dynamic systems, computational motor control, attractor landscapes, fmri, behavioral evidence",
  URL =			 "http://www-clmc.usc.edu/publications/S/schaal-AMAM2003.pdf",
}

@MISC{Huber00ahybrid,
    author = {Manfred Huber},
    title = {A Hybrid Architecture for Adaptive Robot Control},
    year = {2000}
}

@INPROCEEDINGS{Coelho00developinghaptic,
    author = {Jefferson Coelho and Justus Piater and Roderic Grupen},
    title = {Developing Haptic and Visual Perceptual Categories for Reaching and Grasping with a Humanoid Robot},
    booktitle = {Robotics and Autonomous Systems},
    year = {2000},
    pages = {7--8}
}

@INPROCEEDINGS{1044003, 
author={Platt, R. and Fagg, A.H. and Grupen, R.A.}, 
booktitle={Intelligent Robots and Systems, 2002. IEEE/RSJ International Conference on}, 
title={Nullspace composition of control laws for grasping}, 
year={2002}, 
month={}, 
volume={2}, 
pages={1717-1723 vol.2}, 
keywords={dexterous manipulators;active sensory-driven problem;arbitrary kinematics;geometrical planning-based approaches;hand/arm manipulation;incremental finger contact displaced;object geometries;robot grasping;space control law composition;subordinate control laws;Computational geometry;Computer science;Force control;Humans;Intelligent robots;Kinematics;Robot sensing systems;Robust control;Solid modeling;Sufficient conditions}, 
doi={10.1109/IRDS.2002.1044003},
}

@INPROCEEDINGS{4399481, 
author={Hart, S. and Grupen, R.}, 
booktitle={Intelligent Robots and Systems, 2007. IROS 2007. IEEE/RSJ International Conference on}, 
title={Natural task decomposition with intrinsic potential fields}, 
year={2007}, 
month={Oct}, 
pages={2507-2512}, 
keywords={concurrent engineering;condition monitoring;inspection;manipulator kinematics;task analysis;concurrent control framework;conditioning measure;inspection task;intrinsic potential field;localizability;manipulability;motion range;natural task decomposition;Computer science;Force control;Inspection;Intelligent robots;Jacobian matrices;Kinematics;Motion measurement;Notice of Violation;Path planning;USA Councils}, 
doi={10.1109/IROS.2007.4399481},
}


